<?xml version="1.0" encoding="UTF-8"?>
<Document xmlns="urn:iso:std:iso:20022:tech:xsd:pacs.008.001.05" xmlns:xsi="http://www.w3.org/2001/XMLSchema-instance">
	<FIToFICstmrCdtTrf>
		<GrpHdr>
			<MsgId>MsgPrefix...20160513223041000000008</MsgId>
			<CreDtTm>2016-05-13T22:30:41</CreDtTm>
			<NbOfTxs>1</NbOfTxs>
			<TtlIntrBkSttlmAmt Ccy="USD">432.10</TtlIntrBkSttlmAmt>
			<IntrBkSttlmDt>2016-05-13</IntrBkSttlmDt>
			<SttlmInf>
				<SttlmMtd>CLRG</SttlmMtd>
				<ClrSys>
					<Cd>TCH</Cd>
				</ClrSys>
			</SttlmInf>
		</GrpHdr>
		<CdtTrfTxInf>
			<PmtId>
				<InstrId>20160516021200201BFFF0000000001</InstrId>
				<EndToEndId>E2E-TxPrefix20160513223041391000000</EndToEndId>
				<TxId>TxPrefix....20160513223041391000000</TxId>
                                <ClrSysRef>001</ClrSysRef>
			</PmtId>
			<PmtTpInf>
				<SvcLvl>
					<Cd>SDVA</Cd>
				</SvcLvl>
				<LclInstrm>
					<Prtry>CONSUMER</Prtry>
				</LclInstrm>
			</PmtTpInf>
			<IntrBkSttlmAmt Ccy="USD">432.10</IntrBkSttlmAmt>
			<ChrgBr>SLEV</ChrgBr>
			<InstgAgt>
				<FinInstnId>
					<ClrSysMmbId>
                                                <MmbId>021200201</MmbId>
                                        </ClrSysMmbId>
				</FinInstnId>
			</InstgAgt>
			<InstdAgt>
				<FinInstnId>
					<ClrSysMmbId>
                                                <MmbId>020010001</MmbId>
                                        </ClrSysMmbId>
				</FinInstnId>
			</InstdAgt>
			<Dbtr>
				<Nm>Mr Debtor 1</Nm>
				<PstlAdr>
					<StrtNm>22 Heron Drive</StrtNm>
					<TwnNm>London</TwnNm>
					<Ctry>UK</Ctry>
				</PstlAdr>
				<Id>
					<PrvtId>
                                                <DtAndPlcOfBirth>
                                                        <BirthDt>1969-06-28</BirthDt>
                                                        <CityOfBirth>City</CityOfBirth>
                                                        <CtryOfBirth>US</CtryOfBirth>
                                                </DtAndPlcOfBirth>
                                        </PrvtId>
				</Id>
			</Dbtr>
			<DbtrAcct>
				<Id>
					<Othr>
                                                <Id>GR3001720810005081023929510</Id>
                                        </Othr>
				</Id>
			</DbtrAcct>
			<DbtrAgt>
				<FinInstnId>
					<ClrSysMmbId>
                                                <MmbId>021200201</MmbId>
                                        </ClrSysMmbId>
				</FinInstnId>
			</DbtrAgt>
			<CdtrAgt>
				<FinInstnId>
					<ClrSysMmbId>
                                                <MmbId>020010001</MmbId>
                                        </ClrSysMmbId>
				</FinInstnId>
			</CdtrAgt>
			<Cdtr>
				<Nm>Mr Creditor 1</Nm>
				<Id>
					<PrvtId>
                                                <DtAndPlcOfBirth>
                                                        <BirthDt>1969-06-28</BirthDt>
                                                        <CityOfBirth>City</CityOfBirth>
                                                        <CtryOfBirth>US</CtryOfBirth>
                                                </DtAndPlcOfBirth>
                                        </PrvtId>
				</Id>
			</Cdtr>
			<CdtrAcct>
				<Id>
					<Othr>
                                                <Id>GR3001720810005081023929510</Id>
                                        </Othr>
				</Id>
			</CdtrAcct>
			<RmtInf>
				<Ustrd>Company Details No.2</Ustrd>
			</RmtInf>
		</CdtTrfTxInf>
	</FIToFICstmrCdtTrf>
</Document>